<?xml version="1.0" encoding="UTF-8"?><collection xmlns="http://www.loc.gov/MARC21/slim"><record><leader>00457nam--2200133-i-4500</leader><controlfield tag="001">000045677</controlfield><controlfield tag="002">20161230</controlfield><controlfield tag="005">20161230201045</controlfield><controlfield tag="008">060222s1000------------r-----000-0-eng-d</controlfield><datafield ind1=" " ind2=" " tag="080"><subfield code="a">621.039.54</subfield></datafield><datafield ind1=" " ind2=" " tag="100"><subfield code="a">Tye, R.P.And Woodman, Margaret, J</subfield></datafield><datafield ind1=" " ind2=" " tag="245"><subfield code="a">The thermal conductivity of compacted powder carbons and mixtures of carbon powders with uranium carbide particles</subfield></datafield><datafield ind1=" " ind2=" " tag="260"><subfield code="a">Teddington, National Physical Laboratory, 1965, 5p.+3file Fig</subfield></datafield><datafield ind1=" " ind2=" " tag="852"><subfield code="a">27728</subfield></datafield></record></collection>